@article{Fernholz_2024,
doi = {10.1371/journal.pcbi.1011774},
author = {Fernholz, Martin H. P. AND Guggiana Nilo, Drago A. AND Bonhoeffer, Tobias AND Kist, Andreas M.},
journal = {PLOS Computational Biology},
publisher = {Public Library of Science},
title = {DeepD3, an open framework for automated quantification of dendritic spines},
year = {2024},
month = {02},
volume = {20},
url = {https://doi.org/10.1371/journal.pcbi.1011774},
pages = {1-19}
}

@article{Yuste_1995,
  title={Dendritic spines as basic functional units of neuronal integration},
  author={Yuste, Rafael and Denk, Winfried},
  journal={Nature},
  volume={375},
  number={6533},
  pages={682--684},
  year={1995}
}

@article{Yuste_2001,
  title={Morphological changes in dendritic spines associated with long-term synaptic plasticity},
  author={Yuste, Rafael and Bonhoeffer, Tobias},
  journal={Annual Review of Neuroscience},
  volume={24},
  number={1},
  pages={1071--1089},
  year={2001}
}

@book{Kandel_2013,
  title={Principles of Neural Science},
  author={Kandel, Eric R. and Schwartz, James H. and Jessell, Thomas M. and Siegelbaum, Steven A. and Hudspeth, A. James},
  year={2013},
  edition={5th},
  publisher={McGraw-Hill Education}
}

@book{Purves_2001,
  title={Neuroscience},
  author={Purves, Dale and Augustine, George J. and Fitzpatrick, David and others},
  year={2001},
  publisher={Sinauer Associates},
  edition={2nd}
}

@article{Bassett_2017,
  title={Network neuroscience},
  author={Bassett, Danielle S. and Sporns, Olaf},
  journal={Nature Neuroscience},
  volume={20},
  pages={353--364},
  year={2017},
  publisher={Nature Publishing Group}
}

@article{Pfeiffer_2018,
  title={Chronic 2P-STED imaging reveals high turnover of dendritic spines in the hippocampus in vivo},
  author={Pfeiffer, Thomas and Poll, Sarah and Bancelin, Sylvain and Angibaud, J{\'e}r{\'e}mie and Inavalli, Venkata K and Keppler, Klaus and others},
  journal={eLife},
  volume={7},
  pages={e34700},
  year={2018}
}

@article{Wang_2008,
author = {Wang, Y.-H and Liu, W.-N and Chen, A.-H and Wang, Y.},
year = {2008},
month = {05},
pages = {57-60},
title = {Nonlinear dim target enhancement algorithm based on partial differential equation},
volume = {34}
}

@article{Rodriguez_2008,
  title={Automated three-dimensional detection and shape classification of dendritic spines from fluorescence microscopy images},
  author={Rodriguez, Alfredo and Ehlenberger, David B and Dickstein, David L and Hof, Patrick R and Wearne, Stephen L},
  journal={PLoS One},
  volume={3},
  number={4},
  pages={e1997},
  year={2008}
}

@article{Dickstein_2016,
  title={Automatic dendritic spine quantification from confocal data with Neurolucida 360},
  author={Dickstein, David L and Dickstein, David R and Janssen, William GM and Hof, Patrick R and Glaser, Jeffrey R and Rodriguez, Alfredo and others},
  journal={Current Protocols in Neuroscience},
  volume={77},
  number={1},
  pages={1--27},
  year={2016}
}

@article{Peng_2015,
  title={BigNeuron: large-scale 3D neuron reconstruction from optical microscopy images},
  author={Peng, Hanchuan and Hawrylycz, Michael and Roskams, Jennifer and Hill, Sean and Spruston, Nelson and Meijering, Erik and others},
  journal={Neuron},
  volume={87},
  number={2},
  pages={252--256},
  year={2015},
}

@article{Frank_2018,
  title={Hotspots of dendritic spine turnover facilitate clustered spine addition and learning and memory},
  author={Frank, Andrew C and Huang, Shan and Zhou, Minghui and Gdalyahu, Adi and Kastellakis, George and Silva, Alcino J and others},
  journal={Nature Communications},
  volume={9},
  number={1},
  pages={1--15},
  year={2018},
}

@article{Azevedo_2009,
  title={Equal numbers of neuronal and nonneuronal cells make the human brain an isometrically scaled-up primate brain},
  author={Azevedo, F{\'a}bio C and Carvalho, Luiz R and Grinberg, Lea T and Farfel, Jos{\'e} M and Ferretti, Renata E and Leite, Rog{\'e}rio E and Jacob Filho, Wilson and Lent, Roberto and Herculano-Houzel, Suzana},
  journal={Journal of Comparative Neurology},
  volume={513},
  number={5},
  pages={532--541},
  year={2009},
  publisher={Wiley Online Library},
  doi={10.1002/cne.21974}
}

@misc{Byjus_Neuron,
  author = {{BYJU'S}},
  title = {Structure of Neuron},
  url = {https://byjus.com/biology/neurons/}
}

@misc{dendrite_structure,
  author = {{Woodruff}},
  title  = {What is a Neuron},
  url = {https://qbi.uq.edu.au/brain/brain-anatomy/what-neuron}
}

@misc{flourocence_image_dendrite,
  author = {{Gordon}},
  title = {Brain is 10 times more active than previously measured, UCLA researchers find},
  year = {2017}, 
  url = {https://newsroom.ucla.edu/releases/ucla-research-upend-long-held-belief-about-how-neurons-communicate}

}
@misc{spine_3d,
    author = "{Wikipedia contributors}",
    title = "Dendritic spine --- {Wikipedia}{,} The Free Encyclopedia",
    year = "2025",
    url = "https://en.wikipedia.org/w/index.php?title=Dendritic_spine&oldid=1292048516",
}

@article{Pan_2008,
  author    = {Feng Pan and Jeff W. Gan},
  title     = {Two‐photon imaging of dendritic spine development in the mouse cortex},
  journal   = {Developmental Neurobiology},
  year      = {2008},
}

@article{Rose_1999,
  author    = {Christopher R. Rose and Andreas Konnerth},
  title     = {Imaging of cytosolic and nuclear calcium in neurons},
  journal   = {Cell Calcium},
  year      = {1999},
}

@article{Sun_2024,
  author    = {Haitao Sun and Hei Ming Lai and Wutian Wu},
  title     = {Three-Dimensional Visualization and Analysis of Dendritic Spines in Human Brain Tissue},
  journal   = {BioTechniques},
  year      = {2024},
}

@article{Nagerl_2008,
  author    = {U. Valentin Nägerl and Katrin I. Willig and Birka Hein and Stefan W. Hell and Tobias Bonhoeffer},
  title     = {Live-cell imaging of dendritic spines by STED microscopy},
  journal   = {Proceedings of the National Academy of Sciences},
  year      = {2008},
  volume    = {105},
  number    = {48},
}

@article{Marr_1980,
  author    = {David Marr and Ellen Hildreth},
  title     = {Theory of Edge Detection},
  journal   = {Proceedings of the Royal Society of London. Series B, Biological Sciences},
  year      = {1980},
  volume    = {207},
  number    = {1167},
  pages     = {187--217},
  doi       = {10.1098/rspb.1980.0020}
}

@book{Tukey_1977,
  author    = {John W. Tukey},
  title     = {Exploratory Data Analysis},
  publisher = {Addison-Wesley},
  year      = {1977}
}

@article{Roszkowska_2016,
  author    = {Matylda Roszkowska and Marta Magnowska and Ewa Baczynska and Jakub Wlodarczyk and Dariusz Plewczynski and Shigeo Okabe and Jacek Kuznicki and Jakub Wlodarczyk},
  title     = {Methods of Dendritic Spine Detection: From Golgi to High-Resolution Optical Imaging},
  journal   = {Acta Neurobiologiae Experimentalis},
  year      = {2016},
  volume    = {76},
  number    = {4},
  pages     = {403--417}
}

@book{Gonzalez_2002,
  author    = {Rafael C. Gonzalez and Richard E. Woods},
  title     = {Digital Image Processing},
  edition   = {2nd},
  publisher = {Prentice Hall},
  year      = {2002}
}

@inproceedings{Zuiderveld_1994,
  author    = {Karel Zuiderveld},
  title     = {Contrast Limited Adaptive Histogram Equalization},
  booktitle = {Graphics Gems IV},
  editor    = {Paul S. Heckbert},
  publisher = {Academic Press Professional, Inc.},
  year      = {1994},
  pages     = {474--485}
}

@article{Otsu_1979,
  author    = {Nobuyuki Otsu},
  title     = {A Threshold Selection Method from Gray-Level Histograms},
  journal   = {IEEE Transactions on Systems, Man, and Cybernetics},
  year      = {1979},
  volume    = {9},
  number    = {1},
  pages     = {62--66},
  doi       = {10.1109/TSMC.1979.4310076}
}

@article{Zhang_2016,
  author    = {Ran Zhang and Changming Sun and Tuan D. Pham},
  title     = {Dendritic Spines Detection Based on Directional Morphological Filter and Shortest Path},
  journal   = {Computational and Mathematical Methods in Medicine},
  year      = {2016},
  volume    = {2016},
  pages     = {Article ID 6172068},
  doi       = {10.1155/2016/6172068}
}

@inbook{Rutzinger_2011,
author = {Rutzinger, Martin and Höfle, Bernhard and Vetter, Michael and Pfeifer, Norbert},
year = {2011},
month = {01},
pages = {475-488},
title = {Digital terrain models from airborne laser scanning for the automatic extraction of natural and anthropogenic linear structures In: Geomorphological Mapping: a professional handbook of techniques and applications}
}

@ARTICLE{Canny_1986,
  author={Canny, John},
  journal={IEEE Transactions on Pattern Analysis and Machine Intelligence}, 
  title={A Computational Approach to Edge Detection}, 
  year={1986},
  volume={PAMI-8},
  number={6},
  pages={679-698},
  keywords={Image edge detection;Detectors;Machine vision;Shape measurement;Performance analysis;Uncertainty;Gaussian approximation;Signal to noise ratio;Signal synthesis;Feature extraction;Edge detection;feature extraction;image processing;machine vision;multiscale image analysis},
  doi={10.1109/TPAMI.1986.4767851}}


@article{Kass_1988,
    author = {Michael Kass, Andrew Witkin \& Demetri Terzopoulos},
    title = {Snakes: Active contour models},
    journal = {Spinger Nature},
    year = {1988},
    doi = {https://doi.org/10.1007/BF00133570}
}

@misc{Shea_2015,
      title={An Introduction to Convolutional Neural Networks}, 
      author={Keiron O'Shea and Ryan Nash},
      year={2015},
      eprint={1511.08458},
      archivePrefix={arXiv},
      primaryClass={cs.NE},
      url={https://arxiv.org/abs/1511.08458}, 
}

@book{Goodfellow_2016,
  author    = {Ian Goodfellow and Yoshua Bengio and Aaron Courville},
  title     = {Deep Learning},
  publisher = {MIT Press},
  year      = {2016},
  url       = {http://www.deeplearningbook.org}
}

@article{LeCun_1989,
  author    = {Yann LeCun and Bernhard Boser and John S. Denker and Donnie Henderson and Richard E. Howard and Wayne Hubbard and Lawrence D. Jackel},
  title     = {Backpropagation Applied to Handwritten Zip Code Recognition},
  journal   = {Neural Computation},
  year      = {1989},
  volume    = {1},
  number    = {4},
  pages     = {541--551},
  doi       = {10.1162/neco.1989.1.4.541}
}

@inproceedings{Ronneberger_2015,
  author    = {Olaf Ronneberger and Philipp Fischer and Thomas Brox},
  title     = {U-Net: Convolutional Networks for Biomedical Image Segmentation},
  booktitle = {Medical Image Computing and Computer-Assisted Intervention (MICCAI)},
  year      = {2015},
  pages     = {234--241},
  publisher = {Springer},
  doi       = {10.1007/978-3-319-24574-4_28}
}

@article{Falk_2019,
  author    = {Thorsten Falk and Dominic Mai and Robert Bensch and \"{O}zg\"{u}n {\c{C}}i{\c{c}}ek and Ahmed Abdulkadir and Yassine Marrakchi and Anton B{\"o}hm and Jan Deubner and Zoe J{\"a}ckel and Katharina Seiwald and Andrea Dovzhenko and Oliver Tietz and Can Y{\i}ld{\i}z and Oliver Zenk and Adil Ibrahim Adig{\"u}zel and Samantha Beier and Marc Coester and Elias D. Freytag and Wolfgang Leonhardt and Maria \"{U}nl{\"u} and Thomas Heppner and Tommaso B{\"o}hm and Uwe K{\"o}the and Fred A. Hamprecht and Anna Kreshuk},
  title     = {U-Net: Deep Learning for Cell Counting, Detection, and Morphometry},
  journal   = {Nature Methods},
  year      = {2019},
  volume    = {16},
  pages     = {67--70},
  doi       = {10.1038/s41592-018-0261-2}
}

@inproceedings{Krizhevsky_2012,
  author    = {Alex Krizhevsky and Ilya Sutskever and Geoffrey E. Hinton},
  title     = {ImageNet Classification with Deep Convolutional Neural Networks},
  booktitle = {Advances in Neural Information Processing Systems (NeurIPS)},
  year      = {2012},
  volume    = {25},
  pages     = {1097--1105}
}

@misc{cnn,
    author = {Canorea Elena},
    title = {Convolutional Neural Network: Guide to understanding them},
    url = {https://www.plainconcepts.com/convolutional-neural-network-guide/}
}

@misc{Oktay_2018,
      title={Attention U-Net: Learning Where to Look for the Pancreas}, 
      author={Ozan Oktay and Jo Schlemper and Loic Le Folgoc and Matthew Lee and Mattias Heinrich and Kazunari Misawa and Kensaku Mori and Steven McDonagh and Nils Y Hammerla and Bernhard Kainz and Ben Glocker and Daniel Rueckert},
      year={2018},
      eprint={1804.03999},
      archivePrefix={arXiv},
      primaryClass={cs.CV},
      url={https://arxiv.org/abs/1804.03999}, 
}

@article{Bommasani_2021,
  author    = {Rishi Bommasani and Drew A. Hudson and Ehsan Adeli and Russ Altman and Simran Arora and Sydney von Arx and Michael S. Bernstein and Jeannette Bohg and Antoine Bosselut and Emma Brunskill and Erik Brynjolfsson and Shyamal Buch and Dallas Card and Rodrigo Castellon and Niladri S. Chatterji and Annie S. Chen and Kathleen Creel and Jared Quincy Davis and Dora Demszky and Chris Donahue and Moussa Doumbouya and Esin Durmus and Stefano Ermon and John Etchemendy and Kawin Ethayarajh and Li Fei-Fei and Chelsea Finn and Trevor Gale and Lauren Gillespie and Karan Goel and Noah D. Goodman and Shelby Grossman and Neel Guha and Tatsunori B. Hashimoto and Peter Henderson and John Hewitt and Daniel E. Ho and Jenny Hong and Kyle Hsu and Jing Huang and Thomas Icard and Saahil Jain and Dan Jurafsky and Pratyusha Kalluri and Siddharth Karamcheti and Geoff Keeling and Fereshte Khani and Omar Khattab and Pang Wei Koh and Mark Krass and Ranjay Krishna and Rohith Kuditipudi and Ananya Kumar and Faisal Ladhak and Mina Lee and Tony Lee and Jure Leskovec and Isabelle Levent and Xiang Lisa Li and Xuechen Li and Tengyu Ma and Ali Malik and Christopher D. Manning and Suvir Mirchandani and Eric Mitchell and Zanele Munyikwa and Suraj Nair and Avanika Narayan and Deepak Narayanan and Ben Newman and Allen Nie and Juan Carlos Niebles and Hamed Nilforoshan and Julian Nyarko and Giray Ogut and Laurel Orr and Isabel Papadimitriou and Joon Sung Park and Chris Piech and Eva Portelance and Christopher Potts and Aditi Raghunathan and Rob Reich and Hongyu Ren and Frieda Rong and Yusuf Roohani and Camilo Ruiz and Jack Ryan and Christopher R{\'e} and Dorsa Sadigh and Shiori Sagawa and Keshav Santhanam and Andy Shih and Krishnan Srinivasan and Alex Tamkin and Rohan Taori and Armin W. Thomas and Florian Tramèr and Rose E. Wang and William Wang and Bohan Wu and Jiajun Wu and Yuhuai Wu and Sang Michael Xie and Michihiro Yasunaga and Jiaxuan You and Matei Zaharia and Michael Zhang and Tianyi Zhang and Xikun Zhang and Yuhui Zhang and Lucia Zheng and Kaitlyn Zhou and Percy Liang},
  title     = {On the Opportunities and Risks of Foundation Models},
  journal   = {arXiv preprint arXiv:2108.07258},
  year      = {2021},
  url       = {https://arxiv.org/abs/2108.07258}
}


@misc{Vaswani_2017,
      title={Attention Is All You Need}, 
      author={Ashish Vaswani and Noam Shazeer and Niki Parmar and Jakob Uszkoreit and Llion Jones and Aidan N. Gomez and Lukasz Kaiser and Illia Polosukhin},
      year={2017},
      eprint={1706.03762},
      archivePrefix={arXiv},
      primaryClass={cs.CL},
      url={https://arxiv.org/abs/1706.03762}, 
}

@inproceedings{Dosovitskiy_2020,
  author    = {Alexey Dosovitskiy and Lucas Beyer and Alexander Kolesnikov and Dirk Weissenborn and Xiaohua Zhai and Thomas Unterthiner and Mostafa Dehghani and Matthias Minderer and Georg Heigold and Sylvain Gelly and Jakob Uszkoreit and Neil Houlsby},
  title     = {An Image is Worth 16x16 Words: Transformers for Image Recognition at Scale},
  booktitle = {International Conference on Learning Representations (ICLR)},
  year      = {2021},
  url       = {https://arxiv.org/abs/2010.11929}
}

@misc{Touvron_2021,
      title={Training data-efficient image transformers \& distillation through attention}, 
      author={Hugo Touvron and Matthieu Cord and Matthijs Douze and Francisco Massa and Alexandre Sablayrolles and Hervé Jégou},
      year={2021},
      eprint={2012.12877},
      archivePrefix={arXiv},
      primaryClass={cs.CV},
      url={https://arxiv.org/abs/2012.12877}, 
}

@misc{Kirillov_2023,
      title={Segment Anything}, 
      author={Alexander Kirillov and Eric Mintun and Nikhila Ravi and Hanzi Mao and Chloe Rolland and Laura Gustafson and Tete Xiao and Spencer Whitehead and Alexander C. Berg and Wan-Yen Lo and Piotr Dollár and Ross Girshick},
      year={2023},
      eprint={2304.02643},
      archivePrefix={arXiv},
      primaryClass={cs.CV},
      url={https://arxiv.org/abs/2304.02643}, 
}

@misc{Liu_2021,
      title={Swin Transformer: Hierarchical Vision Transformer using Shifted Windows}, 
      author={Ze Liu and Yutong Lin and Yue Cao and Han Hu and Yixuan Wei and Zheng Zhang and Stephen Lin and Baining Guo},
      year={2021},
      eprint={2103.14030},
      archivePrefix={arXiv},
      primaryClass={cs.CV},
      url={https://arxiv.org/abs/2103.14030}, 
}

@misc{Ravi_2024,
      title={SAM 2: Segment Anything in Images and Videos}, 
      author={Nikhila Ravi and Valentin Gabeur and Yuan-Ting Hu and Ronghang Hu and Chaitanya Ryali and Tengyu Ma and Haitham Khedr and Roman Rädle and Chloe Rolland and Laura Gustafson and Eric Mintun and Junting Pan and Kalyan Vasudev Alwala and Nicolas Carion and Chao-Yuan Wu and Ross Girshick and Piotr Dollár and Christoph Feichtenhofer},
      year={2024},
      eprint={2408.00714},
      archivePrefix={arXiv},
      primaryClass={cs.CV},
      url={https://arxiv.org/abs/2408.00714}, 
}

@Article{Archit_2025,
author={Archit, Anwai
and Freckmann, Luca
and Nair, Sushmita
and Khalid, Nabeel
and Hilt, Paul
and Rajashekar, Vikas
and Freitag, Marei
and Teuber, Carolin
and Spitzner, Melanie
and Tapia Contreras, Constanza
and Buckley, Genevieve
and von Haaren, Sebastian
and Gupta, Sagnik
and Grade, Marian
and Wirth, Matthias
and Schneider, G{\"u}nter
and Dengel, Andreas
and Ahmed, Sheraz
and Pape, Constantin},
title={Segment Anything for Microscopy},
journal={Nature Methods},
year={2025},
month={Mar},
day={01},
volume={22},
number={3},
pages={579-591},
issn={1548-7105},
doi={10.1038/s41592-024-02580-4},
url={https://doi.org/10.1038/s41592-024-02580-4}
}

@article{Ma_2024,
   title={Segment anything in medical images},
   volume={15},
   ISSN={2041-1723},
   url={http://dx.doi.org/10.1038/s41467-024-44824-z},
   DOI={10.1038/s41467-024-44824-z},
   number={1},
   journal={Nature Communications},
   publisher={Springer Science and Business Media LLC},
   author={Ma, Jun and He, Yuting and Li, Feifei and Han, Lin and You, Chenyu and Wang, Bo},
   year={2024},
   month=jan 
}

@misc{Hu_2021,
      title={LoRA: Low-Rank Adaptation of Large Language Models}, 
      author={Edward J. Hu and Yelong Shen and Phillip Wallis and Zeyuan Allen-Zhu and Yuanzhi Li and Shean Wang and Lu Wang and Weizhu Chen},
      year={2021},
      eprint={2106.09685},
      archivePrefix={arXiv},
      primaryClass={cs.CL},
      url={https://arxiv.org/abs/2106.09685}, 
}

@ARTICLE{Feng_2015,
  title     = "{NeuTube} 1.0: A New Design for efficient neuron reconstruction
               software based on the {SWC} format",
  author    = "Feng, Linqing and Zhao, Ting and Kim, Jinhyun",
  journal   = "eNeuro",
  publisher = "Society for Neuroscience",
  volume    =  2,
  number    =  1,
  pages     = "ENEURO.0049--14.2014",
  month     =  jan,
  year      =  2015,
  keywords  = "SWC; bioimage informatics; neuron tracing; user-friendly
               software",
  language  = "en"
}

@INPROCEEDINGS{Shi_1994,
  author={Jianbo Shi and Tomasi},
  booktitle={1994 Proceedings of IEEE Conference on Computer Vision and Pattern Recognition}, 
  title={Good features to track}, 
  year={1994},
  volume={},
  number={},
  pages={593-600},
  keywords={Tracking;Machine vision;Feature extraction},
  doi={10.1109/CVPR.1994.323794}}

@misc{Wang_2023,
      title={SAM-OCTA: A Fine-Tuning Strategy for Applying Foundation Model to OCTA Image Segmentation Tasks}, 
      author={Chengliang Wang and Xinrun Chen and Haojian Ning and Shiying Li},
      year={2023},
      eprint={2309.11758},
      archivePrefix={arXiv},
      primaryClass={cs.CV},
      url={https://arxiv.org/abs/2309.11758}, 
}

@article{Jha_2023,
  title    = "Brightest path tracing: A Python package to trace the brightest
              path in {2D} and {3D} images",
  author   = "Jha, Vasudha and Cudmore, Robert H",
  abstract = "Brightest path tracing is a widely used image processing
              technique in several fields including biology, geography, and
              geology. However, despite the availability of many image
              processing libraries in Python, few offer an out-of-the-box
              implementation of a brightest path tracing algorithm. This paper
              presents a Python package, brightest-path-lib, that efficiently
              finds the path with maximum brightness between points in a 2D or
              3D image. An example graphical user interface is provided as a
              Napari plugin. Taken together, the package and plugin provide a
              powerful and extensible tool for users to efficiently trace
              structures of interest in 2D or 3D images, regardless of the type
              of structure being analyzed.",
  journal  = "bioRxivorg",
  month    =  jul,
  year     =  2023,
  language = "en"
}

@misc{Lam_2015,
  title           = "Numba",
  booktitle       = "Proceedings of the Second Workshop on the {LLVM} Compiler
                     Infrastructure in {HPC}",
  author          = "Lam, Siu Kwan and Pitrou, Antoine and Seibert, Stanley",
  publisher       = "ACM",
  month           =  nov,
  year            =  2015,
  address         = "New York, NY, USA",
  copyright       = "http://www.acm.org/publications/policies/copyright\_policy\#Background",
  conference      = "SC15: The International Conference for High Performance
                     Computing, Networking, Storage and Analysis",
  location        = "Austin Texas"
}

@misc{WandB,
    url = {https://wandb.ai/},
    author = {Lukas Biewald, Chris Van Pelt, and Shawn Lewis}

}

@misc{Loshchilov_2019,
      title={Decoupled Weight Decay Regularization}, 
      author={Ilya Loshchilov and Frank Hutter},
      year={2019},
      eprint={1711.05101},
      archivePrefix={arXiv},
      primaryClass={cs.LG},
      url={https://arxiv.org/abs/1711.05101}, 
}

@misc{Zhai_2023,
      title={Sigmoid Loss for Language Image Pre-Training}, 
      author={Xiaohua Zhai and Basil Mustafa and Alexander Kolesnikov and Lucas Beyer},
      year={2023},
      eprint={2303.15343},
      archivePrefix={arXiv},
      primaryClass={cs.CV},
      url={https://arxiv.org/abs/2303.15343}, 
}

@misc{Cheng_2021,
      title={Boundary IoU: Improving Object-Centric Image Segmentation Evaluation}, 
      author={Bowen Cheng and Ross Girshick and Piotr Dollár and Alexander C. Berg and Alexander Kirillov},
      year={2021},
      eprint={2103.16562},
      archivePrefix={arXiv},
      primaryClass={cs.CV},
      url={https://arxiv.org/abs/2103.16562}, 
}

@misc{Shamir_2019,
      title={Continuous Dice Coefficient: a Method for Evaluating Probabilistic Segmentations}, 
      author={Reuben R Shamir and Yuval Duchin and Jinyoung Kim and Guillermo Sapiro and Noam Harel},
      year={2019},
      eprint={1906.11031},
      archivePrefix={arXiv},
      primaryClass={cs.CV},
      url={https://arxiv.org/abs/1906.11031}, 
}

@ARTICLE{Kong_2013,
  author={Kong, Hui and Akakin, Hatice Cinar and Sarma, Sanjay E.},
  journal={IEEE Transactions on Cybernetics}, 
  title={A Generalized Laplacian of Gaussian Filter for Blob Detection and Its Applications}, 
  year={2013},
  volume={43},
  number={6},
  pages={1719-1733},
  keywords={Kernel;Convolution;Detectors;Shape;Laplace equations;Estimation;Roads;Blob detection;generalized Laplacian of Gaussian (LoG) (gLoG);nuclei (cell) splitting;scale space;texture orientation estimation;vanishing point detection},
  doi={10.1109/TSMCB.2012.2228639}}

@article{Sobel_2014,
author = {Sobel, Irwin},
year = {2014},
month = {02},
pages = {},
title = {An Isotropic 3x3 Image Gradient Operator},
journal = {Presentation at Stanford A.I. Project 1968}
}

@inproceedings{Paris_2011, 
author = {Paris, Sylvain and Hasinoff, Samuel W. and Kautz, Jan}, 
title = {Local Laplacian filters: edge-aware image processing with a Laplacian pyramid}, 
year = {2011}, 
isbn = {9781450309431}, 
publisher = {Association for Computing Machinery}, 
address = {New York, NY, USA}, 
url = {https://doi.org/10.1145/1964921.1964963}, 
doi = {10.1145/1964921.1964963}, 
booktitle = {ACM SIGGRAPH 2011 Papers}, 
articleno = {68}, 
numpages = {12}, 
keywords = {edge-aware image processing, image pyramids}, 
location = {Vancouver, British Columbia, Canada}, 
series = {SIGGRAPH '11} 
}

@misc{Galdran_2022,
      title={On the Optimal Combination of Cross-Entropy and Soft Dice Losses for Lesion Segmentation with Out-of-Distribution Robustness}, 
      author={Adrian Galdran and Gustavo Carneiro and Miguel Ángel González Ballester},
      year={2022},
      eprint={2209.06078},
      archivePrefix={arXiv},
      primaryClass={cs.CV},
      url={https://arxiv.org/abs/2209.06078}, 
}

@misc{Çiçek_2016,
      title={3D U-Net: Learning Dense Volumetric Segmentation from Sparse Annotation}, 
      author={Özgün Çiçek and Ahmed Abdulkadir and Soeren S. Lienkamp and Thomas Brox and Olaf Ronneberger},
      year={2016},
      eprint={1606.06650},
      archivePrefix={arXiv},
      primaryClass={cs.CV},
      url={https://arxiv.org/abs/1606.06650}, 
}

@article{Zhang_2018,
   title={Road Extraction by Deep Residual U-Net},
   volume={15},
   ISSN={1558-0571},
   url={http://dx.doi.org/10.1109/LGRS.2018.2802944},
   DOI={10.1109/lgrs.2018.2802944},
   number={5},
   journal={IEEE Geoscience and Remote Sensing Letters},
   publisher={Institute of Electrical and Electronics Engineers (IEEE)},
   author={Zhang, Zhengxin and Liu, Qingjie and Wang, Yunhong},
   year={2018},
   month=may, pages={749–753} }

@misc{Hinton_2015,
      title={Distilling the Knowledge in a Neural Network}, 
      author={Geoffrey Hinton and Oriol Vinyals and Jeff Dean},
      year={2015},
      eprint={1503.02531},
      archivePrefix={arXiv},
      primaryClass={stat.ML},
      url={https://arxiv.org/abs/1503.02531}, 
}


@inproceedings{Frome_2013,
 author = {Frome, Andrea and Corrado, Greg S and Shlens, Jon and Bengio, Samy and Dean, Jeff and Ranzato, Marc\textquotesingle Aurelio and Mikolov, Tomas},
 booktitle = {Advances in Neural Information Processing Systems},
 editor = {C.J. Burges and L. Bottou and M. Welling and Z. Ghahramani and K.Q. Weinberger},
 pages = {},
 publisher = {Curran Associates, Inc.},
 title = {DeViSE: A Deep Visual-Semantic Embedding Model},
 url = {https://proceedings.neurips.cc/paper_files/paper/2013/file/7cce53cf90577442771720a370c3c723-Paper.pdf},
 volume = {26},
 year = {2013}
}

@misc{SA1B_2023,
	author = {},
	title = {{S}{A}-1{B} {D}ataset, ai.meta.com},
	howpublished = {\url{https://ai.meta.com/datasets/segment-anything/}},
	year = {},
	note = {[Accessed 27-08-2025]},
}

@ARTICLE{Cannon_1998,
  title     = "An on-line archive of reconstructed hippocampal neurons",
  author    = "Cannon, R C and Turner, D A and Pyapali, G K and Wheal, H V",
  journal   = "J. Neurosci. Methods",
  publisher = "Elsevier BV",
  volume    =  84,
  number    = "1-2",
  pages     = "49--54",
  month     =  oct,
  year      =  1998,
  language  = "en"
}

@misc{Anki_Pipra,
	author = {},
	title = {{G}it{H}ub - anki-xyz/pipra: {P}ixel-{P}recise {A}nnotator --- github.com},
	howpublished = {\url{https://github.com/anki-xyz/pipra.git}},
	year = {},
	note = {[Accessed 27-08-2025]},
}

@article{Vidaurre_2022, title={A Deep Learning-Based Workflow for Dendritic Spine Segmentation}, volume={16}, ISSN={1662-5129}, url={http://dx.doi.org/10.3389/fnana.2022.817903}, DOI={10.3389/fnana.2022.817903}, journal={Frontiers in Neuroanatomy}, publisher={Frontiers Media SA}, author={Vidaurre-Gallart, Isabel and Fernaud-Espinosa, Isabel and Cosmin-Toader, Nicusor and Talavera-Martínez, Lidia and Martin-Abadal, Miguel and Benavides-Piccione, Ruth and Gonzalez-Cid, Yolanda and Pastor, Luis and DeFelipe, Javier and García-Lorenzo, Marcos}, year={2022}, month=mar }

@article{Basu_2018, title={Quantitative 3-D morphometric analysis of individual dendritic spines}, volume={8}, ISSN={2045-2322}, url={http://dx.doi.org/10.1038/s41598-018-21753-8}, DOI={10.1038/s41598-018-21753-8}, number={1}, journal={Scientific Reports}, publisher={Springer Science and Business Media LLC}, author={Basu, Subhadip and Saha, Punam Kumar and Roszkowska, Matylda and Magnowska, Marta and Baczynska, Ewa and Das, Nirmal and Plewczynski, Dariusz and Wlodarczyk, Jakub}, year={2018}, month=feb }

@article{Dickstein_2016, title={Automatic Dendritic Spine Quantification from Confocal Data with Neurolucida 360}, volume={77}, ISSN={1934-8576}, url={http://dx.doi.org/10.1002/cpns.16}, DOI={10.1002/cpns.16}, number={1}, journal={Current Protocols in Neuroscience}, publisher={Wiley}, author={Dickstein, Dara L. and Dickstein, Daniel R. and Janssen, William G. M. and Hof, Patrick R. and Glaser, Jacob R. and Rodriguez, Alfredo and OâConnor, Nate and Angstman, Paul and Tappan, Susan J.}, year={2016}, month=oct }

@article{Xiao_2018, title={Automated dendritic spine detection using convolutional neural networks on maximum intensity projected microscopic volumes}, volume={309}, ISSN={0165-0270}, url={http://dx.doi.org/10.1016/j.jneumeth.2018.08.019}, DOI={10.1016/j.jneumeth.2018.08.019}, journal={Journal of Neuroscience Methods}, publisher={Elsevier BV}, author={Xiao, Xuerong and Djurisic, Maja and Hoogi, Assaf and Sapp, Richard W. and Shatz, Carla J. and Rubin, Daniel L.}, year={2018}, month=nov, pages={25â34} }

@article{Okabe_2020, title={Recent advances in computational methods for measurement of dendritic spines imaged by light microscopy}, volume={69}, ISSN={2050-5701}, url={http://dx.doi.org/10.1093/jmicro/dfaa016}, DOI={10.1093/jmicro/dfaa016}, number={4}, journal={Microscopy}, publisher={Oxford University Press (OUP)}, author={Okabe, Shigeo}, year={2020}, month=apr, pages={196â213} }

@article{Singh_2017, title={Automated 3-D Detection of Dendritic Spines from In Vivo Two-Photon Image Stacks}, volume={15}, ISSN={1559-0089}, url={http://dx.doi.org/10.1007/s12021-017-9332-2}, DOI={10.1007/s12021-017-9332-2}, number={4}, journal={Neuroinformatics}, publisher={Springer Science and Business Media LLC}, author={Singh, P. K. and Hernandez-Herrera, P. and Labate, D. and Papadakis, M.}, year={2017}, month=jul, pages={303â319} }

@article{Wang_2015, title={Detection of Dendritic Spines Using Wavelet-Based Conditional Symmetric Analysis and Regularized Morphological Shared-Weight Neural Networks}, volume={2015}, ISSN={1748-6718}, url={http://dx.doi.org/10.1155/2015/454076}, DOI={10.1155/2015/454076}, journal={Computational and Mathematical Methods in Medicine}, publisher={Wiley}, author={Wang, Shuihua and Chen, Mengmeng and Li, Yang and Zhang, Yudong and Han, Liangxiu and Wu, Jane and Du, Sidan}, year={2015}, pages={1â12} }

@article{Su_2014, title={A novel method for dendritic spines detection based on directional morphological filter and shortest path}, volume={38}, ISSN={0895-6111}, url={http://dx.doi.org/10.1016/j.compmedimag.2014.07.006}, DOI={10.1016/j.compmedimag.2014.07.006}, number={8}, journal={Computerized Medical Imaging and Graphics}, publisher={Elsevier BV}, author={Su, Ran and Sun, Changming and Zhang, Chao and Pham, Tuan D.}, year={2014}, month=dec, pages={793â802} }

@article{Mancuso_2013, title={Methods of dendritic spine detection: From Golgi to high-resolution optical imaging}, volume={251}, ISSN={0306-4522}, url={http://dx.doi.org/10.1016/j.neuroscience.2012.04.010}, DOI={10.1016/j.neuroscience.2012.04.010}, journal={Neuroscience}, publisher={Elsevier BV}, author={Mancuso, J.J. and Chen, Y. and Li, X. and Xue, Z. and Wong, S.T.C.}, year={2013}, month=oct, pages={129â140} }

@article{Koh_2002, title={An Image Analysis Algorithm for Dendritic Spines}, volume={14}, ISSN={1530-888X}, url={http://dx.doi.org/10.1162/089976602753712945}, DOI={10.1162/089976602753712945}, number={6}, journal={Neural Computation}, publisher={MIT Press - Journals}, author={Koh, Ingrid Y. Y. and Lindquist, W. Brent and Zito, Karen and Nimchinsky, Esther A. and Svoboda, Karel}, year={2002}, month=jun, pages={1283â1310} }

@article{Rodriguez_2008, title={Automated Three-Dimensional Detection and Shape Classification of Dendritic Spines from Fluorescence Microscopy Images}, volume={3}, ISSN={1932-6203}, url={http://dx.doi.org/10.1371/journal.pone.0001997}, DOI={10.1371/journal.pone.0001997}, number={4}, journal={PLoS ONE}, publisher={Public Library of Science (PLoS)}, author={Rodriguez, Alfredo and Ehlenberger, Douglas B. and Dickstein, Dara L. and Hof, Patrick R. and Wearne, Susan L.}, editor={Sabatini, Bernado}, year={2008}, month=apr, pages={e1997} }

@inproceedings{Erdil_2013, title={A watershed and active contours based method for dendritic spine segmentation in 2-photon microscopy images}, url={http://dx.doi.org/10.1109/SIU.2013.6531263}, DOI={10.1109/siu.2013.6531263}, booktitle={2013 21st Signal Processing and Communications Applications Conference (SIU)}, publisher={IEEE}, author={Erdil, E. and Argunsah, A. O. and Unay, D. and Cetin, M.}, year={2013}, month=apr, pages={1â4} }


@article{Weaver_2004, title={Automated Algorithms for Multiscale Morphometry of Neuronal Dendrites}, volume={16}, ISSN={1530-888X}, url={http://dx.doi.org/10.1162/089976604323057425}, DOI={10.1162/089976604323057425}, number={7}, journal={Neural Computation}, publisher={MIT Press - Journals}, author={Weaver, Christina M. and Hof, Patrick R. and Wearne, Susan L. and Lindquist, W. Brent}, year={2004}, month=jul, pages={1353â1383} }

